<?xml version="1.0" encoding="UTF-8"?><record xmlns="http://www.loc.gov/MARC21/slim" xmlns:cinclude="http://apache.org/cocoon/include/1.0" xmlns:zs="http://www.loc.gov/zing/srw/">
  <leader>00885cz  a2200217n  4500</leader>
  <controlfield tag="001">n  87800420 </controlfield>
  <controlfield tag="003">DLC</controlfield>
  <controlfield tag="005">20100516081633.0</controlfield>
  <controlfield tag="008">870105n| acannaabn          |n ana      </controlfield>
  <datafield tag="010" ind1=" " ind2=" ">
    <subfield code="a">n  87800420 </subfield>
  </datafield>
  <datafield tag="034" ind1=" " ind2=" ">
    <subfield code="d">E0085333</subfield>
    <subfield code="e">E0085333</subfield>
    <subfield code="f">N0460122</subfield>
    <subfield code="g">N0460122</subfield>
    <subfield code="2">geonames</subfield>
  </datafield>
  <datafield tag="035" ind1=" " ind2=" ">
    <subfield code="a">(OCoLC)oca01739155</subfield>
  </datafield>
  <datafield tag="040" ind1=" " ind2=" ">
    <subfield code="a">DLC</subfield>
    <subfield code="b">eng</subfield>
    <subfield code="c">DLC</subfield>
    <subfield code="d">DLC</subfield>
    <subfield code="d">OCoLC</subfield>
  </datafield>
  <datafield tag="043" ind1=" " ind2=" ">
    <subfield code="a">e-sz---</subfield>
  </datafield>
  <datafield tag="151" ind1=" " ind2=" ">
    <subfield code="a">Cademario (Switzerland)</subfield>
  </datafield>
  <datafield tag="670" ind1=" " ind2=" ">
    <subfield code="a">Bellotti-Pianca, F. Vita vissuta, 1984:</subfield>
    <subfield code="b">p. 7, etc. (Cademario)</subfield>
  </datafield>
  <datafield tag="670" ind1=" " ind2=" ">
    <subfield code="a">Switz. Stat. Amt. Schweiz. Ortschaftenverz., 1960:</subfield>
    <subfield code="b">v. 4, p. 213 (Cademario, comune, cantone Ticino)</subfield>
  </datafield>
  <datafield tag="670" ind1=" " ind2=" ">
    <subfield code="a">Hist.-Biogr. Lexikon der Schweiz</subfield>
    <subfield code="b">(Cademario, town in canton Ticino, near Lugano)</subfield>
  </datafield>
  <datafield tag="675" ind1=" " ind2=" ">
    <subfield code="a">BGN, 11/25/86 (cannot identify);</subfield>
    <subfield code="a">NIS gaz., Switz., 1950.</subfield>
  </datafield>
  <datafield tag="670" ind1=" " ind2=" ">
    <subfield code="a">GeoNames, algorithmically matched, 2009</subfield>
    <subfield code="b">(ppl; 46°01ʹ22ʺN 008°53ʹ33ʺE)</subfield>
  </datafield>
  <datafield tag="781" ind1=" " ind2="0">
    <subfield code="z">Switzerland</subfield>
    <subfield code="z">Cademario</subfield>
  </datafield>
</record>